% This file was created with JabRef 2.9b2.
% Encoding: UTF8

@BOOK{Celikyilmaz2009,
  title = {Modeling uncertainty with fuzzy logic : with recent theory and applications},
  publisher = {Springer},
  year = {2009},
  author = {Celikyilmaz, Asli and Turksen, I. Burhan},
  pages = {xlviii, 400 p.},
  series = {Studies in fuzziness and soft computing},
  address = {Berlin},
  owner = {cahik},
  timestamp = {2012.04.05}
}

@BOOK{Fotheringham2002,
  title = {Geographically weighted regression : the analysis of spatially varying
	relationships},
  publisher = {Wiley},
  year = {2002},
  author = {Fotheringham, A. Stewart and Brunsdon, Chris and Charlton, Martin},
  pages = {xii, 269 p.},
  address = {Chichester, England ; Hoboken, NJ, USA},
  keywords = {Geographic information systems. Spatial analysis (Statistics)},
  owner = {cahik},
  timestamp = {2012.05.30}
}

@BOOK{Hengl2009,
  title = {A Practical Guide to Geostatistical Mapping},
  publisher = {University of Amsterdam},
  year = {2009},
  author = {Hengl, T.},
  pages = {291},
  address = {Amsterdam},
  edition = {2nd},
  isbn = {978-90-9024981-0},
  organization = {University of Amsterdam},
  owner = {cahik},
  timestamp = {2012.05.30},
  url = {http://spatial-analyst.net/book/}
}

@BOOK{Talasova2003,
  title = {Fuzzy metody vícekriteriálního hodnocení a rozhodování},
  publisher = {Univerzita Palackého v Olomouci},
  year = {2003},
  author = {Jana TALAŠOVÁ},
  pages = {180},
  owner = {cahik},
  timestamp = {2011.09.15}
}

@ARTICLE{Zadeh1975,
  author = {Zadeh, L. A.},
  title = {Concept of a Linguistic Variable and Its Application to Approximate
	Reasoning .1.},
  journal = {Information Sciences},
  year = {1975},
  volume = {8},
  pages = {199-249},
  number = {3},
  owner = {Cahik},
  timestamp = {2012.03.31}
}
